@online{risk,
	ALTauthor = {author},
	ALTeditor = {editor},
	title = {Risk Assessment Matrix Templates You Need},
	date = {date},
	url = {https://www.smartsheet.com/all-risk-assessment-matrix-templates-you-need},
	OPTsubtitle = {subtitle},
	OPTtitleaddon = {titleaddon},
	OPTlanguage = {language},
	OPTversion = {version},
	OPTnote = {note},
	OPTorganization = {organization},
	OPTdate = {date},
	OPTmonth = {month},
	OPTyear = {year},
	OPTaddendum = {addendum},
	OPTpubstate = {pubstate},
	OPTurldate = {urldate},
}

@online{python1,
	ALTauthor = {author},
	ALTeditor = {editor},
	title = {PyPI - the Python Package Index},
	date = {date},
	url = {https://pypi.python.org/pypi},
	OPTsubtitle = {subtitle},
	OPTtitleaddon = {titleaddon},
	OPTlanguage = {language},
	OPTversion = {version},
	OPTnote = {note},
	OPTorganization = {organization},
	OPTdate = {date},
	OPTmonth = {month},
	OPTyear = {year},
	OPTaddendum = {addendum},
	OPTpubstate = {pubstate},
	OPTurldate = {urldate},
}

@online{django,
	ALTauthor = {author},
	ALTeditor = {editor},
	title = {The web framework for perfectionists with deadlines | Django},
	date = {date},
	url = {https://www.djangoproject.com/},
	OPTsubtitle = {subtitle},
	OPTtitleaddon = {titleaddon},
	OPTlanguage = {language},
	OPTversion = {version},
	OPTnote = {note},
	OPTorganization = {organization},
	OPTdate = {date},
	OPTmonth = {month},
	OPTyear = {year},
	OPTaddendum = {addendum},
	OPTpubstate = {pubstate},
	OPTurldate = {urldate},
}

@online{digitalOcean,
	ALTauthor = {author},
	ALTeditor = {editor},
	title = {DigitalOcean: Cloud computing, Simplicity 
	at scale},
	date = {date},
	url = {https://www.digitalocean.com/},
	OPTsubtitle = {subtitle},
	OPTtitleaddon = {titleaddon},
	OPTlanguage = {language},
	OPTversion = {version},
	OPTnote = {note},
	OPTorganization = {organization},
	OPTdate = {date},
	OPTmonth = {month},
	OPTyear = {year},
	OPTaddendum = {addendum},
	OPTpubstate = {pubstate},
	OPTurldate = {urldate},
}

@online{beauty,
	ALTauthor = {author},
	ALTeditor = {editor},
	title = {Beautiful Soup Documentation},
	date = {date},
	url = {https://www.crummy.com/software/BeautifulSoup/bs4/doc/},
	OPTsubtitle = {subtitle},
	OPTtitleaddon = {titleaddon},
	OPTlanguage = {language},
	OPTversion = {version},
	OPTnote = {note},
	OPTorganization = {organization},
	OPTdate = {date},
	OPTmonth = {month},
	OPTyear = {year},
	OPTaddendum = {addendum},
	OPTpubstate = {pubstate},
	OPTurldate = {urldate},
}

@online{panda,
	ALTauthor = {author},
	ALTeditor = {editor},
	title = {pandas-datareader 0.6.0},
	date = {date},
	url = {https://pypi.python.org/pypi/pandas-datareader},
	OPTsubtitle = {subtitle},
	OPTtitleaddon = {titleaddon},
	OPTlanguage = {language},
	OPTversion = {version},
	OPTnote = {note},
	OPTorganization = {organization},
	OPTdate = {date},
	OPTmonth = {month},
	OPTyear = {year},
	OPTaddendum = {addendum},
	OPTpubstate = {pubstate},
	OPTurldate = {urldate},
}

@online{miks,
	ALTauthor = {author},
	ALTeditor = {editor},
	title = {scikit-learn: Machine Learning in Python},
	date = {date},
	url = {http://scikit-learn.org/stable/},
	OPTsubtitle = {subtitle},
	OPTtitleaddon = {titleaddon},
	OPTlanguage = {language},
	OPTversion = {version},
	OPTnote = {note},
	OPTorganization = {organization},
	OPTdate = {date},
	OPTmonth = {month},
	OPTyear = {year},
	OPTaddendum = {addendum},
	OPTpubstate = {pubstate},
	OPTurldate = {urldate},
}

@online{spacy,
	ALTauthor = {author},
	ALTeditor = {editor},
	title = {spaCy - Industrial-Strength
	Natural Language
	Processing},
	date = {date},
	url = {https://spacy.io/},
	OPTsubtitle = {subtitle},
	OPTtitleaddon = {titleaddon},
	OPTlanguage = {language},
	OPTversion = {version},
	OPTnote = {note},
	OPTorganization = {organization},
	OPTdate = {date},
	OPTmonth = {month},
	OPTyear = {year},
	OPTaddendum = {addendum},
	OPTpubstate = {pubstate},
	OPTurldate = {urldate},
}

@online{tool,
	ALTauthor = {author},
	ALTeditor = {editor},
	title = {Natural Language Toolkit},
	date = {date},
	url = {http://www.nltk.org/},
	OPTsubtitle = {subtitle},
	OPTtitleaddon = {titleaddon},
	OPTlanguage = {language},
	OPTversion = {version},
	OPTnote = {note},
	OPTorganization = {organization},
	OPTdate = {date},
	OPTmonth = {month},
	OPTyear = {year},
	OPTaddendum = {addendum},
	OPTpubstate = {pubstate},
	OPTurldate = {urldate},
}

@online{bulma,
	ALTauthor = {author},
	ALTeditor = {editor},
	title = {Bulma: a modern CSS framework based on Flexbox},
	date = {date},
	url = {https://bulma.io/},
	OPTsubtitle = {subtitle},
	OPTtitleaddon = {titleaddon},
	OPTlanguage = {language},
	OPTversion = {version},
	OPTnote = {note},
	OPTorganization = {organization},
	OPTdate = {date},
	OPTmonth = {month},
	OPTyear = {year},
	OPTaddendum = {addendum},
	OPTpubstate = {pubstate},
	OPTurldate = {urldate},
}

